@inproceedings{Onward14,
 author = {Groce, Alex and Alipour, Mohammad Amin and Gopinath, Rahul},
 title = {Coverage and Its Discontents},
 booktitle = {Proceedings of the 2014 ACM International Symposium on New Ideas, New Paradigms, and Reflections on Programming \& Software},
 series = {Onward! 2014},
 year = {2014},
 isbn = {978-1-4503-3210-1},
 location = {Portland, Oregon, USA},
 pages = {255--268},
 numpages = {14},
 url = {http://doi.acm.org/10.1145/2661136.2661157},
 doi = {10.1145/2661136.2661157},
 acmid = {2661157},
 publisher = {ACM},
 address = {New York, NY, USA},
 keywords = {coverage, evaluation, testing},
} 

@inproceedings{DirectedSwarm,
 author = {Alipour, Mohammad Amin and Groce, Alex and Gopinath, Rahul and Christi, Arpit},
 title = {Generating Focused Random Tests Using Directed Swarm Testing},
 booktitle = {Proceedings of the 25th International Symposium on Software Testing and Analysis},
 series = {ISSTA 2016},
 year = {2016},
 isbn = {978-1-4503-4390-9},
 location = {Saarbr\&\#252;cken, Germany},
 pages = {70--81},
 numpages = {12},
 url = {http://doi.acm.org/10.1145/2931037.2931056},
 doi = {10.1145/2931037.2931056},
 acmid = {2931056},
 publisher = {ACM},
 address = {New York, NY, USA},
 keywords = {random testing, regression testing, swarm testing},
}


@inproceedings{ASEAdeq,
  author    = {Mohammad Amin Alipour and
               August Shi and
               Rahul Gopinath and
               Darko Marinov and
               Alex Groce},
  title     = {Evaluating non-adequate test-case reduction},
  booktitle = {{IEEE/ACM} International Conference on Automated
               Software Engineering},
  pages     = {16--26},
  year      = {2016}
}

@inproceedings{PLDI13,
author = "Yang Chen and Alex Groce and Chaoqiang Zhang and Weng-Keen Wong and Xiaoli Fern and Eric Eide and John Regehr",
title = "Taming Compiler Fuzzers",
booktitle = "ACM SIGPLAN Conference on Programming Language Design and Implementation",
year = 2013,
pages = "197--208"
}

@inproceedings{icst2014,
title={Cause Reduction for Quick Testing},
author={Groce, Alex and Alipour, Mohammad Amin and Zhang, Chaoqiang and Chen, Yang and Regehr, John},
booktitle={IEEE International Conference on Software Testing, Verification and Validation},
year={2014},
pages={243-252},
organization={IEEE}
}

@inproceedings{HelpHelp,
  author    = {Alex Groce and
               Chaoqiang Zhang and
               Mohammad Amin Alipour and
               Eric Eide and
               Yang Chen and
               John Regehr},
  title     = {Help, help, {I'm} being suppressed! The significance of suppressors
               in software testing},
  booktitle = {{IEEE} 24th International Symposium on Software Reliability Engineering,
               {ISSRE} 2013, Pasadena, CA, USA, November 4-7, 2013},
  pages     = {390--399},
  year      = {2013}
}

@article{stvrcausereduce,
title={Cause Reduction: Delta-Debugging, Even without Bugs},
author={Groce, Alex and Alipour, Mohammad Amin and Zhang, Chaoqiang and Chen, Yang and Regehr, John},
journal = {Journal of Software Testing, Verification, and Reliability},  
volume = 26,
number = 1,
pages = "40--68",
month="January",
year=2016
}

@article{tstlsttt,
author = "Josie Holmes and Alex Groce and Jervis Pinto and Pranjal Mittal and Pooria Azimi and Kevin Kellar and James O'Brien",
title = "{TSTL:} the Template Scripting Testing Language",
journal = "International Journal on Software Tools for Technology Transfer",
year = 2018,
volume = 20,
number = 1,
pages =	"57--78",
month =	"February"
}

@inproceedings{ISSTA15,
title = "{TSTL}: a Language and Tool for Testing",
author = "Alex Groce and Jervis Pinto and Pooria Azimi and Pranjal Mittal",
year = 2015,
booktitle = "ACM International Symposium on Software Testing and Analysis",
pages = "414-417"
}

@inproceedings{NFM15,
title = "A Little Language for Testing",
author = {Alex Groce and Jervis Pinto},
year = 2015,
booktitle = {NASA Formal Methods Symposium},
pages = "204--218"
}
